@article{knuth84,
  author = {Knuth, Donald E.},
  title = {Literate Programming},
  year = {1984},
  issue_date = {May 1984},
  publisher = {Oxford University Press, Inc.},
  address = {USA},
  volume = {27},
  number = {2},
  issn = {0010-4620},
  url = {https://doi.org/10.1093/comjnl/27.2.97},
  doi = {10.1093/comjnl/27.2.97},
  journal = {Comput. J.},
  month = may,
  pages = {97–111},
  numpages = {15}
}
@article{abdi2007multiple,
  title={Multiple factor analysis (MFA)},
  author={Abdi, Herv{\'e} and Valentin, Dominique and others},
  journal={Encyclopedia of measurement and statistics},
  pages={657--663},
  year={2007},
  publisher={Citeseer}
}
@article{le2008factominer,
  title={FactoMineR: an R package for multivariate analysis},
  author={L{\^e}, S{\'e}bastien and Josse, Julie and Husson, Fran{\c{c}}ois},
  journal={Journal of statistical software},
  volume={25},
  pages={1--18},
  year={2008}
}
@article{abdi2010principal,
  title={Principal component analysis},
  author={Abdi, Herv{\'e} and Williams, Lynne J},
  journal={Wiley interdisciplinary reviews: computational statistics},
  volume={2},
  number={4},
  pages={433--459},
  year={2010},
  publisher={Wiley Online Library}
}
@misc{physocStrangeOrigins,
	author = {Brown, Angus},
	title = {{T}he strange origins of the {S}tudent’s t-test --- physoc.org},
	howpublished = {\url{https://www.physoc.org/magazine-articles/the-strange-origins-of-the-students-t-test/}},
	year = {},
	note = {[Accessed 15-03-2024]},
}
